@online{tweet_objects,
	title = {Tweet objects},
	date = {2020-02-27},
	url = {https://developer.twitter.com},
	OPTdate = {27},
	OPTmonth = {2},
	OPTyear = {2020}	
}

